@BOOK{Ambler200204,
title={Agile Modeling: Effective Practices for eXtreme Programming and the Unified Process},
author={Scott Ambler},
publisher={Wiley},
year={2002},
month={4},
edition={1},
isbn={9780471202820},
url={http://amazon.com/o/ASIN/0471202827/},
price={$50.00},
totalpages={400},
timestamp={2011.12.18},
}

@BOOK{BeckAndres200411,
title={Extreme Programming Explained: Embrace Change (2nd Edition)},
author={Kent Beck and Cynthia Andres},
publisher={Addison-Wesley Professional},
year={2004},
month={11},
edition={2},
isbn={9780321278654},
url={http://amazon.com/o/ASIN/0321278658/},
price={$44.99},
totalpages={224},
timestamp={2011.12.18},
}

@WWW{AM,
author={Scott W. Ambler},
title = "AM Scope",
year = {2006},
urldate = {18.12.2011},
url = "{http://www.agilemodeling.com/essays/introductionToAM.htm}"
}

@WWW{AgileManifesto,
author={Ward Cunningham},
title = "Agile Manifesto",
year = {2001},
urldate = {21.12.2011},
url = "{http://agilemanifesto.org/}"
}